<?xml version="1.0" encoding="UTF-8"?><collection xmlns="http://www.loc.gov/MARC21/slim"><record><leader>00408nam--2200157-i-4500</leader><controlfield tag="001">000005011</controlfield><controlfield tag="002">20161230</controlfield><controlfield tag="005">20170123235832</controlfield><controlfield tag="008">060222s1000------------r-----000-0-eng-d</controlfield><datafield ind1=" " ind2=" " tag="245"><subfield code="a">Nuclear spectroscopy. Part A</subfield></datafield><datafield ind1=" " ind2=" " tag="260"><subfield code="a">New York</subfield><subfield code="b">Academic Press</subfield><subfield code="c">1960</subfield></datafield><datafield ind1=" " ind2=" " tag="300"><subfield code="a">XXI + 621 p</subfield></datafield><datafield ind1=" " ind2=" " tag="490"><subfield code="a">Pure And Applied Physics</subfield></datafield><datafield ind1=" " ind2=" " tag="700"><subfield code="a">Ajzenberg-Selove, Fay</subfield></datafield><datafield ind1=" " ind2=" " tag="852"><subfield code="a">13428</subfield></datafield><datafield ind1=" " ind2=" " tag="CAT"><subfield code="a">SYS</subfield><subfield code="c">20170123</subfield><subfield code="h">235832</subfield></datafield></record></collection>